

@ARTICLE{DeSantis1991,
	author = {{De Santis}, A.},
	title = {Translated origin spherical cap harmonic analysis},
	journal = {Geophys. J. Int.},
	volume = {106},
	pages = {253--263},
	year = {1991}
}

@ARTICLE{Haines1985,
	author = {{Haines}, G.~V.},
	title = {Spherical cap harmonic analysis},
	journal = {J. Geophys. Res.},
	volume = {90},
	pages = {2583--2591},
	year = {1985}
}

@ARTICLE{Thebault2006,
	author = {{Th\'ebault}, E. and {Schott}, J.~J. and Mandea, M.},
	title = {Revised spherical cap harmonic analysis  ({R-SCHA}): Validation and properties},
	journal = {J. Geophys. Res.},
	volume = {111},
	eid = {B01102},
	doi = {10.1029/2005JB003836},
	year = {2006}
}
